% vis %%%%%%%%%%%%%%%%%%%%%%%%%%%%%%%%%%%%%%%%%%%%%%%%%%%%%%%%%%%%%%%%%%%%%%%

@book{bertin-graphique,
	Author = {Jacques Bertin},
	Date-Added = {2017-12-04 15:47:12 +0000},
	Date-Modified = {2017-12-04 15:48:28 +0000},
	Publisher = {Mouton/Gauthier-Villars},
	Title = {S{\'e}miologie graphique},
	Year = {1967}}

@inproceedings{Chi-Riedl-1998,
	Author = {Ed {Huai-hsin} Chi and John T. Riedl},
	Booktitle = {proc. InfoVis'98},
	Date-Added = {2017-10-25 16:03:30 +0000},
	Date-Modified = {2017-11-17 14:38:02 +0000},
	Pages = {63-70},
	Title = {An Operator Interaction Framework for Visualization Systems},
	Year = {1998}}

@book{munzner,
	Author = {Tamara Munzner},
	Date-Added = {2018-05-28 21:16:57 +0000},
	Date-Modified = {2018-05-28 21:17:54 +0000},
	Publisher = {AK Peters Visualization Series},
	Title = {Visualization Analysis and Design},
	Year = {2014}}
